@article{soykan2022survey,
  title={A Survey and Guideline on Privacy Enhancing Technologies for Collaborative Machine Learning},
  author={Soykan, Elif Ustundag and Kara{\c{c}}ay, Leyli and Karako{\c{c}}, Ferhat and Tomur, Emrah},
  journal={IEEE Access},
  volume={10},
  pages={97495--97519},
  year={2022},
  publisher={IEEE}
}
@inproceedings{oprescu2022energy,
  title="Energy cost and accuracy impact of k-anonymity",
  author="Oprescu, Ana and Misdorp, Sander and van Elsen, Koen",
  title="2022 International Conference on ICT for Sustainability (ICT4S)",
  pages="65--76",
  year="2022",
  organization="IEEE"
}
@article{rodriguez2020contribution,
  title="Contribution to privacy-enhancing tecnologies for machine learning applications",
  author="Rodr{\'\i}guez Hoyos, Ana Fernanda",
  year="2020",
  publisher="Universitat Polit{\`e}cnica de Catalunya"
}

@inproceedings{wimmer2014comparison,
  title={A comparison of the effects of k-anonymity on machine learning algorithms},
  author={Wimmer, Hayden and Powell, Loreen},
  booktitle={Proceedings of the Conference for Information Systems Applied Research ISSN},
  volume={2167},
  pages={1508},
  year={2014}
}
@phdthesis{hoyos2020contribution,
  title={Contribution to privacy-enhancing technologies for machine learning applications},
  author={Hoyos, Ana Fernanda Rodr{\'\i}guez},
  year={2020},
  school={Universitat Polit{\`e}cnica de Catalunya (UPC)}
}
@misc{Einwilligung,
  title = {Datenschutz-Grundverordnung (DSGVO)},
  howpublished = {\url{https://dsgvo-gesetz.de/themen/einwilligung/}},
  note = {Accessed: April 11, 2023}
}
@inproceedings{goldsteen2022anonymizing,
  title={Anonymizing machine learning models},
  author={Goldsteen, Abigail and Ezov, Gilad and Shmelkin, Ron and Moffie, Micha and Farkash, Ariel},
  booktitle={Data Privacy Management, Cryptocurrencies and Blockchain Technology: ESORICS 2021 International Workshops, DPM 2021 and CBT 2021, Darmstadt, Germany, October 8, 2021, Revised Selected Papers},
  pages={121--136},
  year={2022},
  organization={Springer}
}
@misc{JaimeDantas,
  title = {Differential privacy and K-anonymity for machine learning},
  howpublished = {\url{https://towardsdatascience.com/differential-privacy-and-k-anonymity-for-machine-learning-fbb416f32b6}},
  note = {Accessed: April 28, 2023}
}
@article{arous2023exploring,
  title={Exploring Machine Learning Privacy/Utility trade-off from a hyperparameters Lens},
  author={Arous, Ayoub and Guesmi, Amira and Hanif, Muhammad Abdullah and Alouani, Ihsen and Shafique, Muhammad},
  journal={arXiv preprint arXiv:2303.01819},
  year={2023}
}
@article{ponomareva2023dp,
  title={How to dp-fy ml: A practical guide to machine learning with differential privacy},
  author={Ponomareva, Natalia and Hazimeh, Hussein and Kurakin, Alex and Xu, Zheng and Denison, Carson and McMahan, H Brendan and Vassilvitskii, Sergei and Chien, Steve and Thakurta, Abhradeep},
  journal={arXiv preprint arXiv:2303.00654},
  year={2023}
}
@article{singh2022privacy,
  title={A privacy-preserving model based on differential approach for sensitive data in cloud environment},
  author={Singh, Ashutosh Kumar and Gupta, Rishabh},
  journal={Multimedia Tools and Applications},
  volume={81},
  number={23},
  pages={33127--33150},
  year={2022},
  publisher={Springer}
}
@article{horlboge2022still,
  title={I still know it's you! On Challenges in Anonymizing Source Code},
  author={Horlboge, Micha and Quiring, Erwin and Meyer, Roland and Rieck, Konrad},
  journal={arXiv preprint arXiv:2208.12553},
  year={2022}
}
@article{sweeney2002k,
  title={k-anonymity: A model for protecting privacy},
  author={Sweeney, Latanya},
  journal={International journal of uncertainty, fuzziness and knowledge-based systems},
  volume={10},
  number={05},
  pages={557--570},
  year={2002},
  publisher={World Scientific}
}
@article{el2008protecting,
  title={Protecting privacy using k-anonymity},
  author={El Emam, Khaled and Dankar, Fida Kamal},
  journal={Journal of the American Medical Informatics Association},
  volume={15},
  number={5},
  pages={627--637},
  year={2008},
  publisher={BMJ Group BMA House, Tavistock Square, London, WC1H 9JR}
}
@misc{,
  title = {How are Artificial Intelligence and machine learning being applied to ...},
  howpublished = {\url{https://www.researchgate.net/post/How_are_artificial_intelligence_and_machine_learning_being_applied_to_tackle_complex_problems_and_boost_efficiency_in_a_variety_of_fields}},
  note = {Accessed: April 28, 2023}
}
@article{newman2020gdpr,
  title={GDPR and CCPA Start to Bare Teeth as Privacy Protection Goes Global},
  author={Newman, Matthew and Swift, Mike and Gladicheva, Vesela},
  journal={Bus. L. Int'l},
  volume={21},
  pages={267},
  year={2020},
  publisher={HeinOnline}
}
@book{chang2023privacy,
  title={Privacy-Preserving Machine Learning},
  author={Chang, J Morris and Zhuang, Di and Samaraweera, G Dumindu},
  year={2023},
  publisher={Simon and Schuster}
}
@inproceedings{xiangmin2010research,
  title={Research on privacy protection based on K-anonymity},
  author={Xiangmin, R and Jing, Y},
  booktitle={2010 International Conference on Biomedical Engineering and Computer Science},
  year={2010}
}
@inproceedings{dwork2006differential,
title={Differential Privacy},
author={Dwork, Cynthia},
booktitle={Automata, Languages and Programming},
editor={Bugliesi, Michele and Preneel, Bart and Sassone, Vladimiro and Wegener, Ingo},
series={Lecture Notes in Computer Science},
volume={4052},
year={2006},
publisher={Springer, Berlin, Heidelberg},
doi={10.1007/11787006_1}
}

@book{han2012,
  title={Data Mining: Concepts and Techniques},
  author={Han, Jiawei and Kamber, Micheline and Pei, Jian},
  year={2012},
  publisher={Morgan Kaufmann}
}
@article{gill2018,
  author = {Gill, Author},
  title = {Title of the Article},
  journal = {Journal Name},
  year = {2018},
  volume = {Volume Number},
  pages = {Page Range},
  doi = {DOI Number},
}

@book{bigbookml,
  title={The Big Book of Machine Learning Use Cases -- 2nd Edition},
  author={Editors of Data Science Central},
  year={2020},
  publisher={Data Science Central},
  address={Foster City, CA}
}
@article{zhang2019brief,
title={Brief introduction of medical database and data mining technology in big data era},
author={Zhang, Y and Li, Y and Li, Y and Li, Y and Li, Y and Li, Y and Li, Y and Li, Y and Li, Y and Li, Y},
journal={Journal of Medical Systems},
volume={43},
number={7},
pages={1--7},
year={2019},
publisher={Springer}
}
@article{liu2019k,
  title={K-Anonymity Privacy Protection Algorithm for Multi-Dimensional Data against Skewness and Similarity Attacks},
  author={Liu, Xiang and Li, Xue and Zhang, Xue and Li, Xiang},
  journal={Symmetry},
  volume={11},
  number={12},
  pages={1521},
  year={2019},
  publisher={Multidisciplinary Digital Publishing Institute}
}
@inproceedings{murthy2019comparative,
  title={A comparative study of data anonymization techniques},
  author={Murthy, Suntherasvaran and Bakar, Asmidar Abu and Rahim, Fiza Abdul and Ramli, Ramona},
  booktitle={2019 IEEE 5th Intl Conference on Big Data Security on Cloud (BigDataSecurity), IEEE Intl Conference on High Performance and Smart Computing,(HPSC) and IEEE Intl Conference on Intelligent Data and Security (IDS)},
  pages={306--309},
  year={2019},
  organization={IEEE}
}
@online{UCIAdultDataset,
  title = {UCI Machine Learning Repository: Adult dataset},
  url = {http://archive.ics.uci.edu/ml/datasets/Adult},
  note = {[Online]. Available: http://archive.ics.uci.edu/ml/datasets/Adult}
}

@misc{ucidiabetes,
  title={Early stage diabetes risk prediction dataset},
  author={Islam, MM Faniqul and Ferdousi, Rahatara and Rahman, Shahadat and Fatema, Najifa and Kawsar, LA},
  year={2018},
  publisher={UCI Machine Learning Repository},
  howpublished={\url{https://archive.ics.uci.edu/ml/datasets/Early+stage+diabetes+risk+prediction+dataset.}},
}